@inproceedings{bjorling2019open,
  title={From open-channel SSDs to zoned namespaces},
  author={Bj{\o}rling, Matias},
  booktitle={Linux Storage and Filesystems Conference (Vault 19). USENIX Association, Boston, MA},
  year={2019}
},
@article{bjorling2020zone,
  title={Zone append: A new way of writing to zoned storage},
  author={Bj{\o}rling, Matias},
  journal={Santa Clara, CA, February. USENIX Association.[Cited on page.]},
  year={2020}
},
@inproceedings {254268,
  author = {Gunhee Choi and Kwanghee Lee and Myunghoon Oh and Jongmoo Choi and Jhuyeong Jhin and Yongseok Oh},
  title = {A New LSM-style Garbage Collection Scheme for {ZNS} SSDs},
  booktitle = {12th {USENIX} Workshop on Hot Topics in Storage and File Systems (HotStorage 20)},
  year = {2020},
  url = {https://www.usenix.org/conference/hotstorage20/presentation/choi},
  publisher = {{USENIX} Association},
  month = jul,
},
@inproceedings{9188086,
  author={H. {Shin} and M. {Oh} and G. {Choi} and J. {Choi}},
  booktitle={2020 9th Non-Volatile Memory Systems and Applications Symposium (NVMSA)},
  title={Exploring Performance Characteristics of ZNS SSDs: Observation and Implication},
  year={2020},
  pages={1-5},
  doi={10.1109/NVMSA51238.2020.9188086}
},
@misc{nvme-zns,
  title = {NVMe 1.4 ratified TPs, TP 4053 Zoned Namespaces},
  howpublished  = {\url{https://nvmexpress.org/developers/nvme-specification/}},
  urldate = {2021-02-10}
},
@misc{nvme-qemu-1,
  title = {{Getting Started with NVMe ZNS on QEMU}},
  author = {Dmitry Fomichev},
  howpublished  = {\url{https://www.snia.org/educational-library/getting-started-nvme-zns-qemu-2020}},
  urldate = {2021-02-10},
  year = {2021},
},
@misc{nvme-qemu-2,
  title = {{Reviving The QEMU NVMe Device (from Zero to ZNS)}},
  author = {Klaus Jensen},
  howpublished  = {\url{https://www.snia.org/educational-library/reviving-qemu-nvme-device-zero-zns-2020}},
  urldate = {2021-02-10},
  year = {2021},
},
@misc{zns-info,
  title = {{zonedstorage.io - Zoned Namespaces (ZNS) SSDs}},
  howpublished  = {\url{https://zonedstorage.io/introduction/zns/}},
  urldate = {2021-02-10},
  year = {2021},
},
@misc{spdk-bug,
  title = {{SPDK erratic behavior when using static libraries}},
  howpublished  = {\url{https://github.com/spdk/spdk/issues/1794}},
  urldate = {2021-02-16},
  year = {2021},
},
@misc{bpf-features,
  title = {{BPF Features by Linux Kernel Version}},
  howpublished  = {\url{https://github.com/iovisor/bcc/blob/master/docs/kernel-versions.md}},
  urldate = {2021-03-03},
  year = {2021},
},
@conference {246542,
  author = {Matias Bj{\o}rling},
  title = {Zone Append: A New Way of Writing to Zoned Storage},
  year = {2020},
  address = {Santa Clara, CA},
  publisher = {{USENIX} Association},
  month = feb,
},
@misc{zns-nvme-ratified,
  author = {Matias Bj{\o}rling and Jorge Campello de Souza and Dave Landsman and Damien le Moal and Ted Marena},
  title = {NVMe Spec Ratification and New ZNS Milestones},
  howpublished = {\url{https://blog.westerndigital.com/nvme-spec-ratification-zns-ssd/}},
  urldate = {2021-03-22},
  year = {2021},
},
@misc{ubpf,
    title = {{uBPF}},
    author = {iovisor},
    howpublished  = {\url{https://github.com/iovisor/ubpf}},
    urldate = {2021-04-08},
    year = {2021},
},
@misc{libbpfconversion,
    title = {{BCC to libbpf conversion}},
    author = {facebookmicrosites},
    howpublished  = {\url{https://facebookmicrosites.github.io/bpf/blog/2020/02/20/bcc-to-libbpf-howto-guide.html}},
    urldate = {2021-04-08},
    year = {2021},
},
@misc{ciliumbpf,
    title = {{Cilium BPF + XDP reference guide}},
    author = {facebookmicrosites},
    howpublished  = {\url{https://facebookmicrosites.github.io/bpf/blog/2020/02/19/bpf-portability-and-co-re.html}},
    urldate = {2021-04-08},
    year = {2021},
},
@misc{observabilityoreilly,
    title = {{Linux Observability with BPF}},
    author = {David Calavera and Lorenzo Fontana},
    howpublished  = {\url{https://www.oreilly.com/library/view/linux-observability-with/9781492050193/}},
    urldate = {2021-04-08},
    year = {2021},
},
@misc{bpfapplications,
    title = {{BPF applications with libbpf-bootstrap}},
    author = {Andrii Nakryiko},
    howpublished  = {\url{https://nakryiko.com/posts/libbpf-bootstrap/}},
    urldate = {2021-04-08},
    year = {2021},
},
@misc{bpfport,
    title = {{BPF portability and CO-RE}},
    author = {facebookmicrosites},
    howpublished  = {\url{https://facebookmicrosites.github.io/bpf/blog/2020/02/19/bpf-portability-and-co-re.html}},
    urldate = {2021-04-08},
    year = {2021}
},
@misc{Linuxbtf,
    title = {{Linux BTF documentation}},
    author = {Linux},
    howpublished  = {\url{https://www.kernel.org/doc/html/latest/bpf/btf.html}},
    urldate = {2021-04-08},
    year = {2021},
},
@misc{Linuxbpf,
    title = {{BPF kernel documentation}},
    author = {Linux},
    howpublished  = {\url{https://www.kernel.org/doc/Documentation/networking/filter.txt}},
    urldate = {2021-04-08},
    year = {2021},
},
@misc{bpfman,
    title = {{Linux bpf manpage}},
    author = {Man7},
    howpublished  = {\url{https://www.man7.org/linux/man-pages/man2/bpf.2.html}},
    urldate = {2021-04-08},
    year = {2021},
},
@misc{ubpf-seed-patch,
  title = {{ubpf vm: Add mem len via R2 into uBPF VM}},
  author = {Stephen Bates},
  howpublished  = {\url{https://github.com/iovisor/ubpf/pull/58}},
  urldate = {2021-03-23},
  year = {2021},
},
@misc{ubpf-seed-issue,
  title = {{Pass the mem len argument into the uBPF VM so it can be used by programs.}},
  author = {Stephen Bates},
  howpublished  = {\url{https://github.com/iovisor/ubpf/issues/57}},
  urldate = {2021-03-23},
  year = {2021},
},
@misc{spdk-documentation-patch,
  title = {{docs: Improve documentation around linkage requirements}},
  author = {Corne Lukken},
  howpublished  = {\url{https://review.spdk.io/gerrit/c/spdk/spdk/+/6798}},
  urldate = {2021-03-22},
  year = {2021},
},
@misc{unvme-source,
  title = {{uNVMe}},
  author = {{OpenMPDK}},
  howpublished  = {\url{https://github.com/OpenMPDK/uNVMe}},
  urldate = {2021-03-26},
  year = {2021},
},
@misc{spdk-zns-notes,
   title = {{SPDK v21.01: Dynamic scheduler, vfio-user, ZNS Zone Append}},
   author = {{SPDK}},
   howpublished  = {\url{https://github.com/spdk/spdk/releases/tag/v21.01}},
   urldate = {2021-03-26},
   year = {2021},
},
@misc{generic-ebpf,
    title = {{generic-ebpf}},
    author = {{generic-ebpf}},
    howpublished  = {\url{https://github.com/generic-ebpf/generic-ebpf}},
    urldate = {2021-03-26},
    year = {2021},
},
@misc{generic-ebpf-instr,
    title = {{ebpf-inst}},
    author = {{generic-ebpf}},
    howpublished  = {\url{https://tinyurl.com/znsssd-ebpf-inst}},
    urldate = {2021-03-26},
    year = {2021},
},
@misc{ioctl-manpage,
    title = {{ioctl manpage Linux}},
    author = {{Linux}},
    howpublished  = {\url{https://man7.org/linux/man-pages/man2/ioctl.2.html}},
    urldate = {2021-03-26},
    year = {2021},
},
 @misc{btf-documentation,
     title = {{BPF Type Format (BTF)}},
     author = {{Linux}},
     howpublished  = {\url{https://www.kernel.org/doc/html/latest/bpf/btf.html}},
     urldate = {2021-03-26},
     year = {2021},
 },
@misc{qemu-csd,
    title = {{eBPF Computational Storage Device (CSD) for Zoned Namespace (ZNS) SSDs in QEMU }},
    author = {{Corne Lukken}},
    howpublished  = {\url{https://github.com/Dantali0n/qemu-csd}},
    urldate = {2021-04-15},
    year = {2021},
}

