@INPROCEEDINGS{6558444,
  author={Kang, Yangwook and Kee, Yang-suk and Miller, Ethan L. and Park, Chanik},
  booktitle={2013 IEEE 29th Symposium on Mass Storage Systems and Technologies (MSST)},
  title={Enabling cost-effective data processing with smart SSD},
  year={2013},
  volume={},
  number={},
  pages={1-12},
  doi={10.1109/MSST.2013.6558444}
},
@misc{snia-model,
  author = {SNIA},
  title = {Computational Storage Architecture and Programming Model Version 0.5 Revision 1},
  howpublished={\url{https://www.snia.org/sites/default/files/technical_work/PublicReview/SNIA-Computational-Storage-Architecture-and-Programming-Model-0.5R1.pdf}},
  date={2021-06-18},
  year = {2021},
},
@article{do2019programmable,
  title={Programmable solid-state storage in future cloud datacenters},
  author={Do, Jaeyoung and Sengupta, Sudipta and Swanson, Steven},
  journal={Communications of the ACM},
  volume={62},
  number={6},
  pages={54--62},
  year={2019},
  publisher={ACM New York, NY, USA}
},
@ARTICLE {database-computer,
  author = {R. Baum and D. Hsiao},
  journal = {IEEE Transactions on Computers},
  title = {Database Computers? A Step Towards Data Utilities},
  year = {1976},
  volume = {25},
  number = {12},
  issn = {1557-9956},
  pages = {1254-1259},
  keywords = {computer architecture;data models;database computers;database engineering.},
  doi = {10.1109/TC.1976.1674592},
  publisher = {IEEE Computer Society},
  address = {Los Alamitos, CA, USA},
  month = {dec}
},
@inproceedings{active-disk,
  author = {Acharya, Anurag and Uysal, Mustafa and Saltz, Joel},
  title = {Active Disks: Programming Model, Algorithms and Evaluation},
  year = {1998},
  isbn = {1581131070},
  publisher = {Association for Computing Machinery},
  address = {New York, NY, USA},
  url = {https://doi.org/10.1145/291069.291026},
  doi = {10.1145/291069.291026},
  booktitle = {Proceedings of the Eighth International Conference on Architectural Support for Programming Languages and Operating Systems},
  pages = {81â€“91},
  numpages = {11},
  location = {San Jose, California, USA},
  series = {ASPLOS VIII}
}
