@inproceedings{bjorling2019open,
  title={From open-channel SSDs to zoned namespaces},
  author={Bj{\o}rling, Matias},
  booktitle={Linux Storage and Filesystems Conference (Vault 19). USENIX Association, Boston, MA},
  year={2019}
},
@article{bjorling2020zone,
  title={Zone append: A new way of writing to zoned storage},
  author={Bj{\o}rling, Matias},
  journal={Santa Clara, CA, February. USENIX Association.[Cited on page.]},
  year={2020}
},
@inproceedings {254268,
  author = {Gunhee Choi and Kwanghee Lee and Myunghoon Oh and Jongmoo Choi and Jhuyeong Jhin and Yongseok Oh},
  title = {A New LSM-style Garbage Collection Scheme for {ZNS} SSDs},
  booktitle = {12th {USENIX} Workshop on Hot Topics in Storage and File Systems (HotStorage 20)},
  year = {2020},
  url = {https://www.usenix.org/conference/hotstorage20/presentation/choi},
  publisher = {{USENIX} Association},
  month = jul,
},
@inproceedings{9188086,
  author={H. {Shin} and M. {Oh} and G. {Choi} and J. {Choi}},
  booktitle={2020 9th Non-Volatile Memory Systems and Applications Symposium (NVMSA)},
  title={Exploring Performance Characteristics of ZNS SSDs: Observation and Implication},
  year={2020},
  pages={1-5},
  doi={10.1109/NVMSA51238.2020.9188086}
},
@misc{nvme-zns,
  title = {NVMe 1.4 ratified TPs, TP 4053 Zoned Namespaces},
  howpublished  = {\url{https://nvmexpress.org/developers/nvme-specification/}},
  urldate = {2021-02-10}
},
@misc{nvme-qemu-1,
  title = {{Getting Started with NVMe ZNS on QEMU}},
  author = {Dmitry Fomichev},
  howpublished  = {\url{https://www.snia.org/educational-library/getting-started-nvme-zns-qemu-2020}},
  urldate = {2021-02-10}
},
@misc{nvme-qemu-2,
  title = {{Reviving The QEMU NVMe Device (from Zero to ZNS)}},
  author = {Klaus Jensen},
  howpublished  = {\url{https://www.snia.org/educational-library/reviving-qemu-nvme-device-zero-zns-2020}},
  urldate = {2021-02-10}
},
@misc{zns-info,
  title = {{zonedstorage.io - Zoned Namespaces (ZNS) SSDs}},
  howpublished  = {\url{https://zonedstorage.io/introduction/zns/}},
  urldate = {2021-02-10}
},
@misc{spdk-bug,
  title = {{SPDK erratic behavior when using static libraries}},
  howpublished  = {\url{https://github.com/spdk/spdk/issues/1794}},
  urldate = {2021-02-16}
},
@misc{bpf-features,
  title = {{BPF Features by Linux Kernel Version}},
  howpublished  = {\url{https://github.com/iovisor/bcc/blob/master/docs/kernel-versions.md}},
  urldate = {2021-03-03}
},
@conference {246542,
  author = {Matias Bj{\o}rling},
  title = {Zone Append: A New Way of Writing to Zoned Storage},
  year = {2020},
  address = {Santa Clara, CA},
  publisher = {{USENIX} Association},
  month = feb,
},
@misc{zns-nvme-ratified,
  author = {Matias Bj{\o}rling and Jorge Campello de Souza and Dave Landsman and Damien le Moal and Ted Marena},
  title = {NVMe Spec Ratification and New ZNS Milestones},
  howpublished = {\url{https://blog.westerndigital.com/nvme-spec-ratification-zns-ssd/}},
  urldate = {2021-03-22}
},
@misc{spdk-documentation-patch,
  title = {{docs: Improve documentation around linkage requirements}},
  author = {Corne Lukken},
  howpublished  = {\url{https://review.spdk.io/gerrit/c/spdk/spdk/+/6798}},
  urldate = {2021-03-22}
},